@book{silberschatz2018operating,
  title={{Operating system principles}},
  author={Silberschatz, Abraham and Galvin, Peter Baer and Gagne, Greg},
  year={2018},
  publisher={John Wiley \& Sons},
  edition={10}
}

@article{watson2007exploiting,
  title={{Exploiting Concurrency Vulnerabilities in System Call Wrappers.}},
  author={Watson, Robert NM},
  journal={WOOT},
  volume={7},
  pages={1--8},
  year={2007}
}

@inproceedings{wang2017double,
  title={How double-fetch situations turn into double-fetch vulnerabilities: A
  study of double fetches in the linux kernel},
  author={Wang, Pengfei and Krinke, Jens and Lu, Kai and Li, Gen and
  Dodier-Lazaro, Steve},
  booktitle={26th $\{$USENIX$\}$ Security Symposium
  ($\{$USENIX$\}$ Security 17)},
  pages={1--16},
  year={2017}
}

@inproceedings{schwarz2018automated,
  title={{Automated detection, exploitation, and elimination of double-fetch bugs
   using modern CPU features}},

  author={Schwarz, Michael and Gruss, Daniel and Lipp, Moritz and Maurice,
  Cl{\'e}mentine and Schuster, Thomas and Fogh, Anders and Mangard, Stefan},

  booktitle={{Proceedings of the 2018 on Asia Conference on Computer and Communications Security}},
  pages={587--600},
  year={2018}
}

@inproceedings{xu2018precise,
  title={{Precise and scalable detection of double-fetch bugs in OS kernels}},
  author={Xu, Meng and Qian, Chenxiong and Lu, Kangjie and Backes, Michael
   and Kim, Taesoo},
  booktitle={{2018 IEEE Symposium on Security and Privacy (SP)}},
  pages={661--678},
  year={2018},
  organization={IEEE}
}

@article{wang2018survey,
  title={{A survey of the double-fetch vulnerabilities}},
  author={Wang, Pengfei and Lu, Kai and Li, Gen and Zhou, Xu},
  journal={Concurrency and Computation: Practice and Experience},
  volume={30},
  number={6},
  pages={e4345},
  year={2018},
  publisher={Wiley Online Library}
}

@article{jurczyk2013bochspwn,
  title={{Bochspwn: Identifying 0-days via system-wide memory access pattern analysis}},
  author={Jurczyk, GC Mateusz and Coldwind, Gynvael},
  journal={Black Hat USA Briefings (Black Hat USA)},
  year={2013}
}


@article{lu2018untrusted,
  title={{Untrusted hardware causes double-fetch problems in the I/O memory}},
  author={Lu, Kai and Wang, Peng-Fei and Li, Gen and Zhou, Xu},
  journal={Journal of Computer Science and Technology},
  volume={33},
  number={3},
  pages={587--602},
  year={2018},
  publisher={Springer}
}

@inproceedings{payer2012protecting,
  title={{Protecting applications against TOCTTOU races by user-space caching of file metadata}},
  author={Payer, Mathias and Gross, Thomas R},
  booktitle={{Proceedings of the 8th ACM SIGPLAN/SIGOPS conference on Virtual Execution Environments}},
  pages={215--226},
  year={2012}
}

@inproceedings{pu2006methodical,
  title={{A Methodical Defense against TOCTTOU Attacks: The EDGI Approach}},
  author={Pu, Calton and Wei, Jinpeng},
  booktitle={{Proceedings of the 2006 International Symposium on Secure Software Engineering}},
  year={2006}
}

@article{wei2010modeling,
  title={{Modeling and preventing TOCTTOU vulnerabilities in Unix-style file systems}},
  author={Wei, Jinpeng and Pu, Calton},
  journal={computers \& security},
  volume={29},
  number={8},
  pages={815--830},
  year={2010},
  publisher={Elsevier}
}

@inproceedings{tsafrir2008portably,
  title={{Portably Solving File TOCTTOU Races with Hardness Amplification.}},
  author={Tsafrir, Dan and Hertz, Tomer and Wagner, David A and Da Silva, Dilma},
  booktitle={{FAST}},
  volume={8},
  pages={1--18},
  year={2008}
}

@misc{amd64prog,
  title = {{AMD64 Architecture Programmer’s Manual Volume 3: 
          General-Purpose and System Instructions}},
  howpublished = "\url{https://www.amd.com/system/files/TechDocs/24594.pdf}",
  author = {Advanced Micro Devices (AMD)}
}

@book{armv8a,
  title={{ARM Architecture Reference Manual (ARMv8, for ARMv8-Aarchitecture profile)}},
  author={ARM Ltd.},
  year={2013}
}

@misc{zak_frasunek_dawidek,
  title={{CerbNG}},
  howpublished="\url{https://sourceforge.net/projects/cerber/files/cerb-ng/}",
  author={Zak, Slawek and Frasunek, Przemyslaw and Dawidek, Pawel Jakub}
}

@misc{seccomp,
  title={{SecComp}},
  howpublished="\url{https://www.kernel.org/doc/html/latest/userspace-api/seccomp_filter.html}",
}

@misc{ebpf,
  title={{eBPF}},
  howpublished="\url{https://lwn.net/Articles/740157/}",
}

@misc{landlock,
  title={{Landlock LSM}},
  howpublished="\url{https://landlock.io/}",
  author={Mickaël Salaün}
}

@misc{krsi,
  title={{Kernel Runtime Security Instrumentation}},
  howpublished="\url{https://github.com/sinkap/linux-krsi}",
  author={K. P. Singh}
}

@inproceedings{morris2002linux,
  title={{Linux security modules: General security support for the linux kernel}},
  author={Morris, James and Smalley, Stephen and Kroah-Hartman, Greg},
  booktitle={{USENIX Security Symposium}},
  pages={17--31},
  year={2002},
  organization={ACM Berkeley, CA}
}

@article{smalley2001implementing,
  title={{Implementing SELinux as a Linux security module}},
  author={Smalley, Stephen and Vance, Chris and Salamon, Wayne},
  journal={NAI Labs Report},
  volume={1},
  number={43},
  pages={139},
  year={2001}
}

@misc{gruenbacher2007apparmor,
  title={{AppArmor Technical Documentation}},
  author={Gruenbacher, Andreas and Arnold, Seth},
  year={2007}
}

@article{intel64and,
  title={{Intel 64 and IA-32 Architectures Developer's Manual}},
  author={{Intel}},
  chapter={Programming with Intel® Transactional Synchronization Extensions},
  volume={1},
  chapter={16},
  year={2019}
}

@article{wilhelm2016xenpwn,
  title={Xenpwn: Breaking paravirtualized devices},
  author={Wilhelm, Felix},
  journal={Black Hat USA},
  year={2016}
}

@article{twizsgrakky07ring0,
  title={From RING 0 to UID 0},
  author={twiz and sgrakkyu},
  journal={CCC},
  year={2007}
}

@misc{serna08doublefetch, 
  title={MS08-061 : The case of the kernel mode double-fetch}, 
  howpublished="\url{https://msrc-blog.microsoft.com/2008/10/14/ms08-061-the-case-of-the-kernel-mode-double-fetch/}", 
  journal={Microsoft Security Response Center}, 
  author={Fermin J. Serna}, 
  year={2008}, 
  month={Oct}
}

@article{wang2019dftracker,
  title={DFTracker: detecting double-fetch bugs by multi-taint parallel tracking},
  author={Wang, Pengfei and Lu, Kai and Li, Gen and Zhou, Xu},
  journal={Frontiers of Computer Science},
  volume={13},
  number={2},
  pages={247--263},
  year={2019},
  publisher={Springer}
}

@misc{cve201812633,
  title={CVE-2018-12633},
  howpublished="\url{https://bugzilla.redhat.com/show_bug.cgi?id=CVE-2018-12633}",
  note={CVE-2018-12633 kernel: Double-fetch vulnerability in 
         drivers/virt/vboxguest/vboxguest\_linux.c:vbg\_misc\_device\_ioctl() allows
         information leak and local denial of service}
}

@misc{cve202012652,
  title={CVE-2020-12652},
  howpublished ="\url{https://cve.mitre.org/cgi-bin/cvename.cgi?name=CVE-2020-12652}",
  journal={CVE - Common Vulnerabilities and Exposures},
  note={The \_\_mptctl\_ioctl function in drivers/message/fusion/mptctl.c in the
  Linux kernel before 5.4.14 allows local users to hold an incorrect lock during
  the ioctl operation and trigger a race condition, i.e., 
  a "double fetch" vulnerability}
}

@misc{cve20131332,
  title={CVE-2013-1332},
  howpublished="\url{https://cve.mitre.org/cgi-bin/cvename.cgi?name=CVE-2013-1332}",
  journal={CVE - Common Vulnerabilities and Exposures},
  note={dxgkrnl.sys (aka the DirectX graphics kernel subsystem) in the
  kernel-mode drivers in Microsoft Windows Vista SP2, Windows Server 2008 SP2
  and R2 SP1, Windows 7 SP1, Windows 8, Windows Server 2012, and Windows RT does
  not properly handle objects in memory, which allows local users to gain
  privileges via a crafted application, aka "DirectX Graphics Kernel Subsystem
  Double Fetch Vulnerability."}
}

@misc{cve201920610,
  title={CVE-2019-20610},
  howpublished="\url{https://cve.mitre.org/cgi-bin/cvename.cgi?name=CVE-2019-20610}",
  journal={CVE - Common Vulnerabilities and Exposures},
  note={An issue was discovered on Samsung mobile devices with N(7.X) and O(8.X)
  (Exynos 7570, 7870, 7880, 7885, 8890, 8895, and 9810 chipsets) software. A
  double-fetch vulnerability in Trustlet allows arbitrary TEE code execution.
  The Samsung ID is SVE-2019-13910 (April 2019).}
}

@misc{cve20158550,
  title={CVE-2015-8550},
  howpublished="\url{https://cve.mitre.org/cgi-bin/cvename.cgi?name=CVE-2015-8550}",
  journal={CVE - Common Vulnerabilities and Exposures},
  note={Xen, when used on a system providing PV backends, allows local guest OS
  administrators to cause a denial of service (host OS crash) or gain privileges
  by writing to memory shared between the frontend and backend, aka a double
  fetch vulnerability.}
}

@misc{cve201610439,
  title={CVE-2016-10439},
  howpublished="\url{https://cve.mitre.org/cgi-bin/cvename.cgi?name=CVE-2016-10439}",
  journal={CVE - Common Vulnerabilities and Exposures},
  note={In Android before 2018-04-05 or earlier security patch level on Qualcomm
  Snapdragon Automobile and Snapdragon Mobile SD 425, SD 430, SD 450, SD 625, SD
  650/52, SD 820, and SD 820A, there is a TOCTOU vulnerability in the input
  validation for bulletin\_board\_read syscall. A pointer dereference is being
  validated without promising the pointer hasn't been changed by the HLOS
  program.}
}

@misc{cve201610435,
  title={CVE-2016-10435},
  howpublished="\url{https://cve.mitre.org/cgi-bin/cvename.cgi?name=CVE-2016-10435}",
  journal={CVE - Common Vulnerabilities and Exposures},
  note={In Android before 2018-04-05 or earlier security patch level on Qualcomm
  Snapdragon Automobile, Snapdragon Mobile, and Snapdragon Wear MDM9206,
  MDM9625, MDM9635M, MDM9640, MDM9645, MSM8909W, SD 210/SD 212/SD 205, SD 400,
  SD 410/12, SD 425, SD 430, SD 450, SD 615/16/SD 415, SD 617, SD 625, SD
  650/52, SD 800, SD 808, SD 820, and SD 820A, in some QTEE syscall handlers, a
  TOCTOU vulnerability exists.}
}

@misc{cve201610433,
  title={CVE-2016-10433},
  howpublished="\url{https://cve.mitre.org/cgi-bin/cvename.cgi?name=CVE-2016-10433}",
  journal={CVE - Common Vulnerabilities and Exposures},
  note={In Android before 2018-04-05 or earlier security patch level on Qualcomm
  Snapdragon Automobile, Snapdragon Mobile, and Snapdragon Wear MDM9635M,
  MDM9640, MDM9645, MSM8909W, SD 210/SD 212/SD 205, SD 400, SD 410/12, SD 425,
  SD 430, SD 450, SD 615/16/SD 415, SD 617, SD 625, SD 650/52, SD 800, SD 808,
  SD 820, and SD 820A, TOCTOU vulnerability during SSD image decryption may
  cause memory corruption.}
}

@misc{cve20195519,
  title={CVE-2019-5519},
  howpublished="\url{https://cve.mitre.org/cgi-bin/cvename.cgi?name=CVE-2019-5519}",
  journal={CVE - Common Vulnerabilities and Exposures},
  note={In Android before 2018-04-05 or earlier security patch level on Qualcomm
  Snapdragon Automobile, Snapdragon Mobile, and Snapdragon Wear MDM9635M,
  MDM9640, MDM9645, MSM8909W, SD 210/SD 212/SD 205, SD 400, SD 410/12, SD 425,
  SD 430, SD 450, SD 615/16/SD 415, SD 617, SD 625, SD 650/52, SD 800, SD 808,
  SD 820, and SD 820A, TOCTOU vulnerability during SSD image decryption may
  cause memory corruption.}
}

@misc{cve20168438,
  title={CVE-2016-8438},
  howpublished="\url{https://cve.mitre.org/cgi-bin/cvename.cgi?name=CVE-2016-8438}",
  journal={CVE - Common Vulnerabilities and Exposures},
  note={Integer overflow leading to a TOCTOU condition in hypervisor PIL. An
  integer overflow exposes a race condition that may be used to bypass
  (Peripheral Image Loader) PIL authentication. Product: Android. Versions:
  Kernel 3.18. Android ID: A-31624565. References: QC-CR\#1023638.
  }
}

@misc{cve201812633fix,
  title={CVE-2018-12633 Fix},
  howpublished="\url{https://github.com/torvalds/linux/commit/bd23a7269834dc7c1f93e83535d16ebc44b75eba}",
  journal={GitHub --- Linux},
  month={8},
  year={2020}
}

@misc{pts,
  title={Phoronix Test Suite},
  howpublished="\url{https://www.phoronix-test-suite.com/}",
  month={8},
  year={2020}
}

@article{npb,
  title={The NAS parallel benchmarks},
  author={Bailey, David H and Barszcz, Eric and Barton, John T and Browning, David S and Carter, Robert L and Dagum, Leonardo and Fatoohi, Rod A and Frederickson, Paul O and Lasinski, Thomas A and Schreiber, Rob S and others},
  journal={The International Journal of Supercomputing Applications},
  volume={5},
  number={3},
  pages={63--73},
  year={1991},
  publisher={Sage Publications Sage CA: Thousand Oaks, CA}
}

@article{dagum1998openmp,
  title={OpenMP: an industry standard API for shared-memory programming},
  author={Dagum, Leonardo and Menon, Ramesh},
  journal={IEEE computational science and engineering},
  volume={5},
  number={1},
  pages={46--55},
  year={1998},
  publisher={IEEE}
}

@book{snir1998mpi,
  title={MPI--the Complete Reference: the MPI core},
  author={Snir, Marc and Gropp, William and Otto, Steve and Huss-Lederman, Steven and Dongarra, Jack and Walker, David},
  volume={1},
  year={1998},
  publisher={MIT press}
}

@article{mutlu2019rowhammer,
  title={RowHammer: A retrospective},
  author={Mutlu, Onur and Kim, Jeremie S},
  journal={IEEE Transactions on Computer-Aided Design of Integrated Circuits and Systems},
  year={2019},
  publisher={IEEE}
}

@inproceedings{lipp2018meltdown,
  title={Meltdown: Reading kernel memory from user space},
  author={Lipp, Moritz and Schwarz, Michael and Gruss, Daniel and Prescher, Thomas and Haas, Werner and Fogh, Anders and Horn, Jann and Mangard, Stefan and Kocher, Paul and Genkin, Daniel and others},
  booktitle={27th $\{$USENIX$\}$ Security Symposium ($\{$USENIX$\}$ Security 18)},
  pages={973--990},
  year={2018}
}

@inproceedings{kocher2019spectre,
  title={Spectre attacks: Exploiting speculative execution},
  author={Kocher, Paul and Horn, Jann and Fogh, Anders and Genkin, Daniel and Gruss, Daniel and Haas, Werner and Hamburg, Mike and Lipp, Moritz and Mangard, Stefan and Prescher, Thomas and others},
  booktitle={2019 IEEE Symposium on Security and Privacy (SP)},
  pages={1--19},
  year={2019},
  organization={IEEE}
}

@inproceedings{0001MK15,
  author    = {Thomas Neumann and
               Tobias M{\"{u}}hlbauer and
               Alfons Kemper},
  title     = {Fast Serializable Multi-Version Concurrency Control for Main-Memory
               Database Systems},
  booktitle = {Proceedings of the 2015 {ACM} {SIGMOD} International Conference on
               Management of Data, Melbourne, Victoria, Australia, May 31 - June
               4, 2015},
  pages     = {677--689},
  year      = {2015},
  crossref  = {DBLP:conf/sigmod/2015},
  url       = {https://doi.org/10.1145/2723372.2749436},
  doi       = {10.1145/2723372.2749436},
  timestamp = {Tue, 06 Nov 2018 11:07:38 +0100},
  biburl    = {https://dblp.org/rec/conf/sigmod/0001MK15.bib},
  bibsource = {dblp computer science bibliography, https://dblp.org}
}

@inproceedings{guptarebooting,
  title={Rebooting Virtual Memory with Midgard},
  author={Gupta, Siddharth and Bhattacharyya, Atri and Oh, Yunho and Bhattacharjee, Abhishek and Falsafi, Babak and Payer, Mathias},
  booktitle = {Proceedings of the 48th Annual International Symposium on Computer
               Architecture, {ISCA} 2021},
}

@article{ChaseLFL94,
  author    = {Jeffrey S. Chase and
               Henry M. Levy and
               Michael J. Feeley and
               Edward D. Lazowska},
  title     = {Sharing and Protection in a Single-Address-Space Operating System},
  journal   = {{ACM} Trans. Comput. Syst.},
  volume    = {12},
  number    = {4},
  pages     = {271--307},
  year      = {1994},
  url       = {https://doi.org/10.1145/195792.195795},
  doi       = {10.1145/195792.195795},
  timestamp = {Sun, 02 Jun 2019 21:08:58 +0200},
  biburl    = {https://dblp.org/rec/journals/tocs/ChaseLFL94.bib},
  bibsource = {dblp computer science bibliography, https://dblp.org}
}


@proceedings{DBLP:conf/sigmod/2015,
  editor    = {Timos K. Sellis and
               Susan B. Davidson and
               Zachary G. Ives},
  title     = {Proceedings of the 2015 {ACM} {SIGMOD} International Conference on
               Management of Data, Melbourne, Victoria, Australia, May 31 - June
               4, 2015},
  publisher = {{ACM}},
  year      = {2015},
  url       = {http://dl.acm.org/citation.cfm?id=2723372},
  isbn      = {978-1-4503-2758-9},
  timestamp = {Mon, 07 Jun 2021 16:56:06 +0200},
  biburl    = {https://dblp.org/rec/conf/sigmod/2015.bib},
  bibsource = {dblp computer science bibliography, https://dblp.org}
}

