%% LaTeX2e file `usenix2019_v3.1.bib'
%% generated by the `filecontents' environment
%% from source `usenix2019_v3.1' on 2020/04/28.
%%
%-------------------------------------------------------------------------------
@book{silberschatz2018operating,
  title={Operating system principles},
  author={Silberschatz, Abraham and Galvin, Peter Baer and Gagne, Greg},
  year={2018},
  publisher={John Wiley \& Sons},
  edition={10}
}

